 @book{lab_manual, place={Adelaide, SA}, title={CHEM 3630 Physical Chemistry III Spectroscopic Measurements of Chemical Kinetics and Thermodynamics}, publisher={{University of Adelaide}}, author={{University of Adelaide}}, year={2024}} 
@misc{frank_condon, title={13.7: The franck-condon principle}, url={https://chem.libretexts.org/Courses/Pacific_Union_College/Quantum_Chemistry/13%3A_Molecular_Spectroscopy/13.07%3A_The_Franck-Condon_Principle#:~:text=Classically%2C%20the%20Franck%E2%80%93Condon%20principle,transition%20involved%2C%20a%20vertical%20transition.}, journal={Chemistry LibreTexts}, publisher={Libretexts}, author={Libretexts}, year={2023}, month={Jun}}